@book{SuttonBarto98,
  added-at = {2008-09-16T23:39:07.000+0200},
  address = {Cambridge, MA},
  author = {Sutton, R. S. and Barto, A. G.},
  biburl = {https://www.bibsonomy.org/bibtex/2bd6ebf1c3407cfa5de1e107a896910c1/brian.mingus},
  booktitle = {Reinforcement Learning: An Introduction.},
  description = {CCNLab BibTeX},
  interhash = {9369ad4b6ab9e5aa15fb456143e9a09d},
  intrahash = {bd6ebf1c3407cfa5de1e107a896910c1},
  keywords = {nnets},
  publisher = {MIT Press},
  timestamp = {2008-09-16T23:41:17.000+0200},
  title = {Reinforcement Learning: An Introduction.},
  year = 1998
}
